<?xml version="1.0" encoding="UTF-8"?><collection xmlns="http://www.loc.gov/MARC21/slim"><record><leader>00424nam--2200169-i-4500</leader><controlfield tag="001">000017223</controlfield><controlfield tag="002">20161230</controlfield><controlfield tag="005">20170111235744</controlfield><controlfield tag="008">060222s1000------------r-----000-0-eng-d</controlfield><datafield ind1=" " ind2=" " tag="080"><subfield code="a">577.38</subfield></datafield><datafield ind1=" " ind2=" " tag="245"><subfield code="a">Biophysic</subfield></datafield><datafield ind1=" " ind2=" " tag="250"><subfield code="a">Zweite,vollig neubearbeitete auflag e herausgegeben</subfield></datafield><datafield ind1=" " ind2=" " tag="260"><subfield code="a">Berlin</subfield><subfield code="b">Springer-Verlag</subfield><subfield code="c">1982</subfield></datafield><datafield ind1=" " ind2=" " tag="300"><subfield code="a">980 p</subfield></datafield><datafield ind1=" " ind2=" " tag="700"><subfield code="a">Hoppe, Walter</subfield></datafield><datafield ind1=" " ind2=" " tag="852"><subfield code="a">72105</subfield></datafield><datafield ind1=" " ind2=" " tag="CAT"><subfield code="a">SYS</subfield><subfield code="c">20170111</subfield><subfield code="h">235744</subfield></datafield></record></collection>